<?xml version="1.0" encoding="UTF-8"?><collection xmlns="http://www.loc.gov/MARC21/slim"><record><leader>00476nam--2200193-i-4500</leader><controlfield tag="001">000042675</controlfield><controlfield tag="002">20161230</controlfield><controlfield tag="005">20161230201043</controlfield><controlfield tag="008">060222s1000------------r-----000-0-eng-d</controlfield><datafield ind1=" " ind2=" " tag="040"><subfield code="a">IFIN-HH</subfield></datafield><datafield ind1=" " ind2=" " tag="080"><subfield code="a">53</subfield></datafield><datafield ind1="1" ind2=" " tag="100"><subfield code="a">Starling, S.G</subfield></datafield><datafield ind1=" " ind2=" " tag="245"><subfield code="a">Physics</subfield><subfield code="c">S.g. starling, a.j.woodall</subfield></datafield><datafield ind1=" " ind2=" " tag="250"><subfield code="a">Second Edition</subfield></datafield><datafield ind1=" " ind2=" " tag="260"><subfield code="a">London</subfield><subfield code="b">Longmans-green And Co</subfield><subfield code="c">1957</subfield></datafield><datafield ind1=" " ind2=" " tag="300"><subfield code="a">XVI+1328P</subfield></datafield><datafield ind1="1" ind2=" " tag="700"><subfield code="a">Woodall, A.J</subfield></datafield><datafield ind1=" " ind2=" " tag="852"><subfield code="a">12742</subfield><subfield code="c">53</subfield></datafield><datafield ind1=" " ind2=" " tag="CAT"><subfield code="a">Sys</subfield><subfield code="c">20150203</subfield><subfield code="h">231434</subfield></datafield></record></collection>